@MISC{Deutsch-Jozsa:1,
	HOWPUBLISHED = "\url{https://en.wikipedia.org/wiki/Deutsch\%E2\%80\%93Jozsa_algorithm}",
	AUTHOR = "Wikipedia",
	TITLE = "Deutsch–Jozsa algorithm",
	MONTH = "Juli",
	YEAR = "2022",
	NOTE = "Zuletzt aufgerufen am 27/08/2022"
}

@MISC{Deutsch-Jozsa:2,
	HOWPUBLISHED = "\url{https://de.wikipedia.org/wiki/Deutsch-Jozsa-Algorithmus},",
	AUTHOR = "Wikipedia",
	TITLE = "Deutsch-Jozsa-Algorithmus",
	MONTH = "März",
	YEAR = "2022",
	NOTE = "Zuletzt aufgerufem am 27/08/2022",
}

@MISC{Deutsch-Jozsa:3,
	HOWPUBLISHED = "\url{https://quantum-computing.ibm.com/composer/docs/iqx/guide/deutsch-jozsa-algorithm},",
	AUTHOR = "IBM Quantum",
	TITLE = "Deutsch-Jozsa algorithm",
	YEAR = "2021",
	NOTE = "Zuletzt aufgerufen am 27/08/2022",
}


@MISC{Ancilla:1,
	HOWPUBLISHED = "\url{https://en.wikipedia.org/wiki/Ancilla_Bit},",
	AUTHOR = "Wikipedia",
	TITLE = "Ancilla bit",
	MONTH = "September",
	YEAR = "2021",
	NOTE = "Zuletzt aufgerufen am 27/08/2022",
}